
@book{xie_r_2019,
  address = {Boca Raton},
  title = {R {Markdown}: the definitive guide},
  isbn = {978-0-429-78296-1},
  shorttitle = {R {Markdown}},
  publisher = {CRC Press, Taylor and Francis Group},
  author = {Xie, Yihui and Allaire, J. J. and Grolemund, Garrett},
  year = {2019},
  keywords = {Computer programs, Markdown (Document markup language), R (Computer program language), Web site development},
}